@article{Michener97,
	author={W. K. Michener and J. W. Brunt and J. J. Helly and T. B. Kirchner and S. G. Stafford},
	year={1997},
	title={Nongeospatial metadata for the ecological sciences},
	journal={Ecological Applications},
	volume={7},
	number={1},
	pages={330-342}
}
